%YAML 1.1
%TAG !u! tag:unity3d.com,2011:
--- !u!114 &7740479417898792472
MonoBehaviour:
  m_ObjectHideFlags: 0
  m_CorrespondingSourceObject: {fileID: 0}
  m_PrefabInstance: {fileID: 0}
  m_PrefabAsset: {fileID: 0}
  m_GameObject: {fileID: 799757607373012905}
  m_Enabled: 1
  m_EditorHideFlags: 0
  m_Script: {fileID: 11500000, guid: e832e281b5293bc45a88fe26f19b822c, type: 3}
  m_Name: 
  m_EditorClassIdentifier: 
  bulletPrefab: {fileID: 5148654105318294424, guid: c25c6da9c7fd5074299f6571d2e15ce2, type: 3}
  rotationSpeed: 40
  range: 8
  fireRate: 0.5
--- !u!1001 &404108962812711565
PrefabInstance:
  m_ObjectHideFlags: 0
  serializedVersion: 2
  m_Modification:
    m_TransformParent: {fileID: 796502363810427359}
    m_Modifications:
    - target: {fileID: 100000, guid: 53c99f530c589ab43a9650c399ee61b0, type: 3}
      propertyPath: m_Name
      value: BlueCrystal00
      objectReference: {fileID: 0}
    - target: {fileID: 400000, guid: 53c99f530c589ab43a9650c399ee61b0, type: 3}
      propertyPath: m_LocalPosition.x
      value: 0.068
      objectReference: {fileID: 0}
    - target: {fileID: 400000, guid: 53c99f530c589ab43a9650c399ee61b0, type: 3}
      propertyPath: m_LocalPosition.y
      value: 0.165
      objectReference: {fileID: 0}
    - target: {fileID: 400000, guid: 53c99f530c589ab43a9650c399ee61b0, type: 3}
      propertyPath: m_LocalPosition.z
      value: -0.094
      objectReference: {fileID: 0}
    - target: {fileID: 400000, guid: 53c99f530c589ab43a9650c399ee61b0, type: 3}
      propertyPath: m_LocalRotation.x
      value: -0.7071068
      objectReference: {fileID: 0}
    - target: {fileID: 400000, guid: 53c99f530c589ab43a9650c399ee61b0, type: 3}
      propertyPath: m_LocalRotation.y
      value: -0
      objectReference: {fileID: 0}
    - target: {fileID: 400000, guid: 53c99f530c589ab43a9650c399ee61b0, type: 3}
      propertyPath: m_LocalRotation.z
      value: -0
      objectReference: {fileID: 0}
    - target: {fileID: 400000, guid: 53c99f530c589ab43a9650c399ee61b0, type: 3}
      propertyPath: m_LocalRotation.w
      value: 0.7071068
      objectReference: {fileID: 0}
    - target: {fileID: 400000, guid: 53c99f530c589ab43a9650c399ee61b0, type: 3}
      propertyPath: m_RootOrder
      value: 6
      objectReference: {fileID: 0}
    - target: {fileID: 400000, guid: 53c99f530c589ab43a9650c399ee61b0, type: 3}
      propertyPath: m_LocalEulerAnglesHint.x
      value: 0
      objectReference: {fileID: 0}
    - target: {fileID: 400000, guid: 53c99f530c589ab43a9650c399ee61b0, type: 3}
      propertyPath: m_LocalEulerAnglesHint.y
      value: 0
      objectReference: {fileID: 0}
    - target: {fileID: 400000, guid: 53c99f530c589ab43a9650c399ee61b0, type: 3}
      propertyPath: m_LocalEulerAnglesHint.z
      value: 0
      objectReference: {fileID: 0}
    - target: {fileID: 400000, guid: 53c99f530c589ab43a9650c399ee61b0, type: 3}
      propertyPath: m_LocalScale.x
      value: 1
      objectReference: {fileID: 0}
    - target: {fileID: 400000, guid: 53c99f530c589ab43a9650c399ee61b0, type: 3}
      propertyPath: m_LocalScale.y
      value: 1
      objectReference: {fileID: 0}
    - target: {fileID: 400000, guid: 53c99f530c589ab43a9650c399ee61b0, type: 3}
      propertyPath: m_LocalScale.z
      value: 1
      objectReference: {fileID: 0}
    m_RemovedComponents: []
  m_SourcePrefab: {fileID: 100100000, guid: 53c99f530c589ab43a9650c399ee61b0, type: 3}
--- !u!1001 &800852335490652777
PrefabInstance:
  m_ObjectHideFlags: 0
  serializedVersion: 2
  m_Modification:
    m_TransformParent: {fileID: 0}
    m_Modifications:
    - target: {fileID: 1264141005497792, guid: 985a64ced6ffe0b428ca6966df4a1602, type: 3}
      propertyPath: m_Name
      value: TowerLevelTwo
      objectReference: {fileID: 0}
    - target: {fileID: 4657920886942646, guid: 985a64ced6ffe0b428ca6966df4a1602, type: 3}
      propertyPath: m_LocalPosition.x
      value: 0
      objectReference: {fileID: 0}
    - target: {fileID: 4657920886942646, guid: 985a64ced6ffe0b428ca6966df4a1602, type: 3}
      propertyPath: m_LocalPosition.y
      value: 0
      objectReference: {fileID: 0}
    - target: {fileID: 4657920886942646, guid: 985a64ced6ffe0b428ca6966df4a1602, type: 3}
      propertyPath: m_LocalPosition.z
      value: 0
      objectReference: {fileID: 0}
    - target: {fileID: 4657920886942646, guid: 985a64ced6ffe0b428ca6966df4a1602, type: 3}
      propertyPath: m_LocalRotation.x
      value: 0
      objectReference: {fileID: 0}
    - target: {fileID: 4657920886942646, guid: 985a64ced6ffe0b428ca6966df4a1602, type: 3}
      propertyPath: m_LocalRotation.y
      value: 0
      objectReference: {fileID: 0}
    - target: {fileID: 4657920886942646, guid: 985a64ced6ffe0b428ca6966df4a1602, type: 3}
      propertyPath: m_LocalRotation.z
      value: 0
      objectReference: {fileID: 0}
    - target: {fileID: 4657920886942646, guid: 985a64ced6ffe0b428ca6966df4a1602, type: 3}
      propertyPath: m_LocalRotation.w
      value: 1
      objectReference: {fileID: 0}
    - target: {fileID: 4657920886942646, guid: 985a64ced6ffe0b428ca6966df4a1602, type: 3}
      propertyPath: m_RootOrder
      value: 0
      objectReference: {fileID: 0}
    - target: {fileID: 4657920886942646, guid: 985a64ced6ffe0b428ca6966df4a1602, type: 3}
      propertyPath: m_LocalEulerAnglesHint.x
      value: 0
      objectReference: {fileID: 0}
    - target: {fileID: 4657920886942646, guid: 985a64ced6ffe0b428ca6966df4a1602, type: 3}
      propertyPath: m_LocalEulerAnglesHint.y
      value: 0
      objectReference: {fileID: 0}
    - target: {fileID: 4657920886942646, guid: 985a64ced6ffe0b428ca6966df4a1602, type: 3}
      propertyPath: m_LocalEulerAnglesHint.z
      value: 0
      objectReference: {fileID: 0}
    - target: {fileID: 4657920886942646, guid: 985a64ced6ffe0b428ca6966df4a1602, type: 3}
      propertyPath: m_LocalScale.x
      value: 3
      objectReference: {fileID: 0}
    - target: {fileID: 4657920886942646, guid: 985a64ced6ffe0b428ca6966df4a1602, type: 3}
      propertyPath: m_LocalScale.y
      value: 2
      objectReference: {fileID: 0}
    - target: {fileID: 4657920886942646, guid: 985a64ced6ffe0b428ca6966df4a1602, type: 3}
      propertyPath: m_LocalScale.z
      value: 3
      objectReference: {fileID: 0}
    m_RemovedComponents: []
  m_SourcePrefab: {fileID: 100100000, guid: 985a64ced6ffe0b428ca6966df4a1602, type: 3}
--- !u!1 &799757607373012905 stripped
GameObject:
  m_CorrespondingSourceObject: {fileID: 1264141005497792, guid: 985a64ced6ffe0b428ca6966df4a1602, type: 3}
  m_PrefabInstance: {fileID: 800852335490652777}
  m_PrefabAsset: {fileID: 0}
--- !u!4 &796502363810427359 stripped
Transform:
  m_CorrespondingSourceObject: {fileID: 4657920886942646, guid: 985a64ced6ffe0b428ca6966df4a1602, type: 3}
  m_PrefabInstance: {fileID: 800852335490652777}
  m_PrefabAsset: {fileID: 0}
--- !u!1001 &888573367508090737
PrefabInstance:
  m_ObjectHideFlags: 0
  serializedVersion: 2
  m_Modification:
    m_TransformParent: {fileID: 796502363810427359}
    m_Modifications:
    - target: {fileID: 100000, guid: ef35d1554ccd4b740bcbbdd0d9a886c6, type: 3}
      propertyPath: m_Name
      value: BlueCrystal05
      objectReference: {fileID: 0}
    - target: {fileID: 400000, guid: ef35d1554ccd4b740bcbbdd0d9a886c6, type: 3}
      propertyPath: m_LocalPosition.x
      value: -0.047
      objectReference: {fileID: 0}
    - target: {fileID: 400000, guid: ef35d1554ccd4b740bcbbdd0d9a886c6, type: 3}
      propertyPath: m_LocalPosition.y
      value: 0.347
      objectReference: {fileID: 0}
    - target: {fileID: 400000, guid: ef35d1554ccd4b740bcbbdd0d9a886c6, type: 3}
      propertyPath: m_LocalPosition.z
      value: -0.093
      objectReference: {fileID: 0}
    - target: {fileID: 400000, guid: ef35d1554ccd4b740bcbbdd0d9a886c6, type: 3}
      propertyPath: m_LocalRotation.x
      value: 0.7071068
      objectReference: {fileID: 0}
    - target: {fileID: 400000, guid: ef35d1554ccd4b740bcbbdd0d9a886c6, type: 3}
      propertyPath: m_LocalRotation.y
      value: 0
      objectReference: {fileID: 0}
    - target: {fileID: 400000, guid: ef35d1554ccd4b740bcbbdd0d9a886c6, type: 3}
      propertyPath: m_LocalRotation.z
      value: -0.7071068
      objectReference: {fileID: 0}
    - target: {fileID: 400000, guid: ef35d1554ccd4b740bcbbdd0d9a886c6, type: 3}
      propertyPath: m_LocalRotation.w
      value: 0
      objectReference: {fileID: 0}
    - target: {fileID: 400000, guid: ef35d1554ccd4b740bcbbdd0d9a886c6, type: 3}
      propertyPath: m_RootOrder
      value: 9
      objectReference: {fileID: 0}
    - target: {fileID: 400000, guid: ef35d1554ccd4b740bcbbdd0d9a886c6, type: 3}
      propertyPath: m_LocalEulerAnglesHint.x
      value: 180
      objectReference: {fileID: 0}
    - target: {fileID: 400000, guid: ef35d1554ccd4b740bcbbdd0d9a886c6, type: 3}
      propertyPath: m_LocalEulerAnglesHint.y
      value: 90
      objectReference: {fileID: 0}
    - target: {fileID: 400000, guid: ef35d1554ccd4b740bcbbdd0d9a886c6, type: 3}
      propertyPath: m_LocalEulerAnglesHint.z
      value: 0
      objectReference: {fileID: 0}
    - target: {fileID: 400000, guid: ef35d1554ccd4b740bcbbdd0d9a886c6, type: 3}
      propertyPath: m_LocalScale.x
      value: 1
      objectReference: {fileID: 0}
    - target: {fileID: 400000, guid: ef35d1554ccd4b740bcbbdd0d9a886c6, type: 3}
      propertyPath: m_LocalScale.y
      value: 1
      objectReference: {fileID: 0}
    - target: {fileID: 400000, guid: ef35d1554ccd4b740bcbbdd0d9a886c6, type: 3}
      propertyPath: m_LocalScale.z
      value: 1
      objectReference: {fileID: 0}
    m_RemovedComponents: []
  m_SourcePrefab: {fileID: 100100000, guid: ef35d1554ccd4b740bcbbdd0d9a886c6, type: 3}
--- !u!1001 &1250263551356942390
PrefabInstance:
  m_ObjectHideFlags: 0
  serializedVersion: 2
  m_Modification:
    m_TransformParent: {fileID: 796502363810427359}
    m_Modifications:
    - target: {fileID: 100000, guid: 457eca26206b82d4abb8b1726747e9c3, type: 3}
      propertyPath: m_Name
      value: BlueCrystal02
      objectReference: {fileID: 0}
    - target: {fileID: 400000, guid: 457eca26206b82d4abb8b1726747e9c3, type: 3}
      propertyPath: m_LocalPosition.x
      value: -0.014
      objectReference: {fileID: 0}
    - target: {fileID: 400000, guid: 457eca26206b82d4abb8b1726747e9c3, type: 3}
      propertyPath: m_LocalPosition.y
      value: 0.157
      objectReference: {fileID: 0}
    - target: {fileID: 400000, guid: 457eca26206b82d4abb8b1726747e9c3, type: 3}
      propertyPath: m_LocalPosition.z
      value: 0.128
      objectReference: {fileID: 0}
    - target: {fileID: 400000, guid: 457eca26206b82d4abb8b1726747e9c3, type: 3}
      propertyPath: m_LocalRotation.x
      value: -0.7071068
      objectReference: {fileID: 0}
    - target: {fileID: 400000, guid: 457eca26206b82d4abb8b1726747e9c3, type: 3}
      propertyPath: m_LocalRotation.y
      value: -0
      objectReference: {fileID: 0}
    - target: {fileID: 400000, guid: 457eca26206b82d4abb8b1726747e9c3, type: 3}
      propertyPath: m_LocalRotation.z
      value: -0
      objectReference: {fileID: 0}
    - target: {fileID: 400000, guid: 457eca26206b82d4abb8b1726747e9c3, type: 3}
      propertyPath: m_LocalRotation.w
      value: 0.7071068
      objectReference: {fileID: 0}
    - target: {fileID: 400000, guid: 457eca26206b82d4abb8b1726747e9c3, type: 3}
      propertyPath: m_RootOrder
      value: 7
      objectReference: {fileID: 0}
    - target: {fileID: 400000, guid: 457eca26206b82d4abb8b1726747e9c3, type: 3}
      propertyPath: m_LocalEulerAnglesHint.x
      value: 0
      objectReference: {fileID: 0}
    - target: {fileID: 400000, guid: 457eca26206b82d4abb8b1726747e9c3, type: 3}
      propertyPath: m_LocalEulerAnglesHint.y
      value: 0
      objectReference: {fileID: 0}
    - target: {fileID: 400000, guid: 457eca26206b82d4abb8b1726747e9c3, type: 3}
      propertyPath: m_LocalEulerAnglesHint.z
      value: 0
      objectReference: {fileID: 0}
    - target: {fileID: 400000, guid: 457eca26206b82d4abb8b1726747e9c3, type: 3}
      propertyPath: m_LocalScale.x
      value: 1
      objectReference: {fileID: 0}
    - target: {fileID: 400000, guid: 457eca26206b82d4abb8b1726747e9c3, type: 3}
      propertyPath: m_LocalScale.y
      value: 1
      objectReference: {fileID: 0}
    - target: {fileID: 400000, guid: 457eca26206b82d4abb8b1726747e9c3, type: 3}
      propertyPath: m_LocalScale.z
      value: 1
      objectReference: {fileID: 0}
    m_RemovedComponents: []
  m_SourcePrefab: {fileID: 100100000, guid: 457eca26206b82d4abb8b1726747e9c3, type: 3}
--- !u!1001 &1809172495158150697
PrefabInstance:
  m_ObjectHideFlags: 0
  serializedVersion: 2
  m_Modification:
    m_TransformParent: {fileID: 796502363810427359}
    m_Modifications:
    - target: {fileID: 100000, guid: bca750044050e1144ba752d3ee6cfd05, type: 3}
      propertyPath: m_Name
      value: BlueCrystal03 (2)
      objectReference: {fileID: 0}
    - target: {fileID: 400000, guid: bca750044050e1144ba752d3ee6cfd05, type: 3}
      propertyPath: m_LocalPosition.x
      value: -0.046
      objectReference: {fileID: 0}
    - target: {fileID: 400000, guid: bca750044050e1144ba752d3ee6cfd05, type: 3}
      propertyPath: m_LocalPosition.y
      value: 0.45
      objectReference: {fileID: 0}
    - target: {fileID: 400000, guid: bca750044050e1144ba752d3ee6cfd05, type: 3}
      propertyPath: m_LocalPosition.z
      value: 0.069
      objectReference: {fileID: 0}
    - target: {fileID: 400000, guid: bca750044050e1144ba752d3ee6cfd05, type: 3}
      propertyPath: m_LocalRotation.x
      value: -0.35355335
      objectReference: {fileID: 0}
    - target: {fileID: 400000, guid: bca750044050e1144ba752d3ee6cfd05, type: 3}
      propertyPath: m_LocalRotation.y
      value: -0.61237246
      objectReference: {fileID: 0}
    - target: {fileID: 400000, guid: bca750044050e1144ba752d3ee6cfd05, type: 3}
      propertyPath: m_LocalRotation.z
      value: -0.61237246
      objectReference: {fileID: 0}
    - target: {fileID: 400000, guid: bca750044050e1144ba752d3ee6cfd05, type: 3}
      propertyPath: m_LocalRotation.w
      value: 0.35355335
      objectReference: {fileID: 0}
    - target: {fileID: 400000, guid: bca750044050e1144ba752d3ee6cfd05, type: 3}
      propertyPath: m_RootOrder
      value: 11
      objectReference: {fileID: 0}
    - target: {fileID: 400000, guid: bca750044050e1144ba752d3ee6cfd05, type: 3}
      propertyPath: m_LocalEulerAnglesHint.x
      value: -90
      objectReference: {fileID: 0}
    - target: {fileID: 400000, guid: bca750044050e1144ba752d3ee6cfd05, type: 3}
      propertyPath: m_LocalEulerAnglesHint.y
      value: -120
      objectReference: {fileID: 0}
    - target: {fileID: 400000, guid: bca750044050e1144ba752d3ee6cfd05, type: 3}
      propertyPath: m_LocalEulerAnglesHint.z
      value: 0
      objectReference: {fileID: 0}
    - target: {fileID: 400000, guid: bca750044050e1144ba752d3ee6cfd05, type: 3}
      propertyPath: m_LocalScale.x
      value: 1
      objectReference: {fileID: 0}
    - target: {fileID: 400000, guid: bca750044050e1144ba752d3ee6cfd05, type: 3}
      propertyPath: m_LocalScale.y
      value: 1
      objectReference: {fileID: 0}
    - target: {fileID: 400000, guid: bca750044050e1144ba752d3ee6cfd05, type: 3}
      propertyPath: m_LocalScale.z
      value: 1
      objectReference: {fileID: 0}
    m_RemovedComponents: []
  m_SourcePrefab: {fileID: 100100000, guid: bca750044050e1144ba752d3ee6cfd05, type: 3}
--- !u!1001 &4470770419178301428
PrefabInstance:
  m_ObjectHideFlags: 0
  serializedVersion: 2
  m_Modification:
    m_TransformParent: {fileID: 796502363810427359}
    m_Modifications:
    - target: {fileID: 100000, guid: 26c9a24e2bcc5b14a86157d919bf299f, type: 3}
      propertyPath: m_Name
      value: BlueCrystal04
      objectReference: {fileID: 0}
    - target: {fileID: 400000, guid: 26c9a24e2bcc5b14a86157d919bf299f, type: 3}
      propertyPath: m_LocalPosition.x
      value: 0.0335
      objectReference: {fileID: 0}
    - target: {fileID: 400000, guid: 26c9a24e2bcc5b14a86157d919bf299f, type: 3}
      propertyPath: m_LocalPosition.y
      value: 0.397
      objectReference: {fileID: 0}
    - target: {fileID: 400000, guid: 26c9a24e2bcc5b14a86157d919bf299f, type: 3}
      propertyPath: m_LocalPosition.z
      value: 0.1011
      objectReference: {fileID: 0}
    - target: {fileID: 400000, guid: 26c9a24e2bcc5b14a86157d919bf299f, type: 3}
      propertyPath: m_LocalRotation.x
      value: -0.7071068
      objectReference: {fileID: 0}
    - target: {fileID: 400000, guid: 26c9a24e2bcc5b14a86157d919bf299f, type: 3}
      propertyPath: m_LocalRotation.y
      value: -0
      objectReference: {fileID: 0}
    - target: {fileID: 400000, guid: 26c9a24e2bcc5b14a86157d919bf299f, type: 3}
      propertyPath: m_LocalRotation.z
      value: -0
      objectReference: {fileID: 0}
    - target: {fileID: 400000, guid: 26c9a24e2bcc5b14a86157d919bf299f, type: 3}
      propertyPath: m_LocalRotation.w
      value: 0.7071068
      objectReference: {fileID: 0}
    - target: {fileID: 400000, guid: 26c9a24e2bcc5b14a86157d919bf299f, type: 3}
      propertyPath: m_RootOrder
      value: 8
      objectReference: {fileID: 0}
    - target: {fileID: 400000, guid: 26c9a24e2bcc5b14a86157d919bf299f, type: 3}
      propertyPath: m_LocalEulerAnglesHint.x
      value: 0
      objectReference: {fileID: 0}
    - target: {fileID: 400000, guid: 26c9a24e2bcc5b14a86157d919bf299f, type: 3}
      propertyPath: m_LocalEulerAnglesHint.y
      value: 0
      objectReference: {fileID: 0}
    - target: {fileID: 400000, guid: 26c9a24e2bcc5b14a86157d919bf299f, type: 3}
      propertyPath: m_LocalEulerAnglesHint.z
      value: 0
      objectReference: {fileID: 0}
    - target: {fileID: 400000, guid: 26c9a24e2bcc5b14a86157d919bf299f, type: 3}
      propertyPath: m_LocalScale.x
      value: 1
      objectReference: {fileID: 0}
    - target: {fileID: 400000, guid: 26c9a24e2bcc5b14a86157d919bf299f, type: 3}
      propertyPath: m_LocalScale.y
      value: 1
      objectReference: {fileID: 0}
    - target: {fileID: 400000, guid: 26c9a24e2bcc5b14a86157d919bf299f, type: 3}
      propertyPath: m_LocalScale.z
      value: 1
      objectReference: {fileID: 0}
    m_RemovedComponents: []
  m_SourcePrefab: {fileID: 100100000, guid: 26c9a24e2bcc5b14a86157d919bf299f, type: 3}
--- !u!1001 &8167992435913988546
PrefabInstance:
  m_ObjectHideFlags: 0
  serializedVersion: 2
  m_Modification:
    m_TransformParent: {fileID: 796502363810427359}
    m_Modifications:
    - target: {fileID: 100000, guid: bca750044050e1144ba752d3ee6cfd05, type: 3}
      propertyPath: m_Name
      value: BlueCrystal03
      objectReference: {fileID: 0}
    - target: {fileID: 400000, guid: bca750044050e1144ba752d3ee6cfd05, type: 3}
      propertyPath: m_LocalPosition.x
      value: 0.081
      objectReference: {fileID: 0}
    - target: {fileID: 400000, guid: bca750044050e1144ba752d3ee6cfd05, type: 3}
      propertyPath: m_LocalPosition.y
      value: 0.45
      objectReference: {fileID: 0}
    - target: {fileID: 400000, guid: bca750044050e1144ba752d3ee6cfd05, type: 3}
      propertyPath: m_LocalPosition.z
      value: 0.011
      objectReference: {fileID: 0}
    - target: {fileID: 400000, guid: bca750044050e1144ba752d3ee6cfd05, type: 3}
      propertyPath: m_LocalRotation.x
      value: -0.7071068
      objectReference: {fileID: 0}
    - target: {fileID: 400000, guid: bca750044050e1144ba752d3ee6cfd05, type: 3}
      propertyPath: m_LocalRotation.y
      value: -0
      objectReference: {fileID: 0}
    - target: {fileID: 400000, guid: bca750044050e1144ba752d3ee6cfd05, type: 3}
      propertyPath: m_LocalRotation.z
      value: -0
      objectReference: {fileID: 0}
    - target: {fileID: 400000, guid: bca750044050e1144ba752d3ee6cfd05, type: 3}
      propertyPath: m_LocalRotation.w
      value: 0.7071068
      objectReference: {fileID: 0}
    - target: {fileID: 400000, guid: bca750044050e1144ba752d3ee6cfd05, type: 3}
      propertyPath: m_RootOrder
      value: 4
      objectReference: {fileID: 0}
    - target: {fileID: 400000, guid: bca750044050e1144ba752d3ee6cfd05, type: 3}
      propertyPath: m_LocalEulerAnglesHint.x
      value: 0
      objectReference: {fileID: 0}
    - target: {fileID: 400000, guid: bca750044050e1144ba752d3ee6cfd05, type: 3}
      propertyPath: m_LocalEulerAnglesHint.y
      value: 0
      objectReference: {fileID: 0}
    - target: {fileID: 400000, guid: bca750044050e1144ba752d3ee6cfd05, type: 3}
      propertyPath: m_LocalEulerAnglesHint.z
      value: 0
      objectReference: {fileID: 0}
    - target: {fileID: 400000, guid: bca750044050e1144ba752d3ee6cfd05, type: 3}
      propertyPath: m_LocalScale.x
      value: 1
      objectReference: {fileID: 0}
    - target: {fileID: 400000, guid: bca750044050e1144ba752d3ee6cfd05, type: 3}
      propertyPath: m_LocalScale.y
      value: 1
      objectReference: {fileID: 0}
    - target: {fileID: 400000, guid: bca750044050e1144ba752d3ee6cfd05, type: 3}
      propertyPath: m_LocalScale.z
      value: 1
      objectReference: {fileID: 0}
    m_RemovedComponents: []
  m_SourcePrefab: {fileID: 100100000, guid: bca750044050e1144ba752d3ee6cfd05, type: 3}
--- !u!1001 &8299721638335945869
PrefabInstance:
  m_ObjectHideFlags: 0
  serializedVersion: 2
  m_Modification:
    m_TransformParent: {fileID: 796502363810427359}
    m_Modifications:
    - target: {fileID: 100000, guid: bca750044050e1144ba752d3ee6cfd05, type: 3}
      propertyPath: m_Name
      value: BlueCrystal03 (1)
      objectReference: {fileID: 0}
    - target: {fileID: 400000, guid: bca750044050e1144ba752d3ee6cfd05, type: 3}
      propertyPath: m_LocalPosition.x
      value: -0.027
      objectReference: {fileID: 0}
    - target: {fileID: 400000, guid: bca750044050e1144ba752d3ee6cfd05, type: 3}
      propertyPath: m_LocalPosition.y
      value: 0.45
      objectReference: {fileID: 0}
    - target: {fileID: 400000, guid: bca750044050e1144ba752d3ee6cfd05, type: 3}
      propertyPath: m_LocalPosition.z
      value: -0.044
      objectReference: {fileID: 0}
    - target: {fileID: 400000, guid: bca750044050e1144ba752d3ee6cfd05, type: 3}
      propertyPath: m_LocalRotation.x
      value: -0.35355335
      objectReference: {fileID: 0}
    - target: {fileID: 400000, guid: bca750044050e1144ba752d3ee6cfd05, type: 3}
      propertyPath: m_LocalRotation.y
      value: 0.61237246
      objectReference: {fileID: 0}
    - target: {fileID: 400000, guid: bca750044050e1144ba752d3ee6cfd05, type: 3}
      propertyPath: m_LocalRotation.z
      value: 0.61237246
      objectReference: {fileID: 0}
    - target: {fileID: 400000, guid: bca750044050e1144ba752d3ee6cfd05, type: 3}
      propertyPath: m_LocalRotation.w
      value: 0.35355335
      objectReference: {fileID: 0}
    - target: {fileID: 400000, guid: bca750044050e1144ba752d3ee6cfd05, type: 3}
      propertyPath: m_RootOrder
      value: 10
      objectReference: {fileID: 0}
    - target: {fileID: 400000, guid: bca750044050e1144ba752d3ee6cfd05, type: 3}
      propertyPath: m_LocalEulerAnglesHint.x
      value: -90
      objectReference: {fileID: 0}
    - target: {fileID: 400000, guid: bca750044050e1144ba752d3ee6cfd05, type: 3}
      propertyPath: m_LocalEulerAnglesHint.y
      value: 120
      objectReference: {fileID: 0}
    - target: {fileID: 400000, guid: bca750044050e1144ba752d3ee6cfd05, type: 3}
      propertyPath: m_LocalEulerAnglesHint.z
      value: 0
      objectReference: {fileID: 0}
    - target: {fileID: 400000, guid: bca750044050e1144ba752d3ee6cfd05, type: 3}
      propertyPath: m_LocalScale.x
      value: 1
      objectReference: {fileID: 0}
    - target: {fileID: 400000, guid: bca750044050e1144ba752d3ee6cfd05, type: 3}
      propertyPath: m_LocalScale.y
      value: 1
      objectReference: {fileID: 0}
    - target: {fileID: 400000, guid: bca750044050e1144ba752d3ee6cfd05, type: 3}
      propertyPath: m_LocalScale.z
      value: 1
      objectReference: {fileID: 0}
    m_RemovedComponents: []
  m_SourcePrefab: {fileID: 100100000, guid: bca750044050e1144ba752d3ee6cfd05, type: 3}
--- !u!1001 &8566277801012557681
PrefabInstance:
  m_ObjectHideFlags: 0
  serializedVersion: 2
  m_Modification:
    m_TransformParent: {fileID: 796502363810427359}
    m_Modifications:
    - target: {fileID: 100000, guid: 942d5b3010cc3bc4893eb45aeb204597, type: 3}
      propertyPath: m_Name
      value: BlueCrystal01
      objectReference: {fileID: 0}
    - target: {fileID: 400000, guid: 942d5b3010cc3bc4893eb45aeb204597, type: 3}
      propertyPath: m_LocalPosition.x
      value: -0.089
      objectReference: {fileID: 0}
    - target: {fileID: 400000, guid: 942d5b3010cc3bc4893eb45aeb204597, type: 3}
      propertyPath: m_LocalPosition.y
      value: 0.275
      objectReference: {fileID: 0}
    - target: {fileID: 400000, guid: 942d5b3010cc3bc4893eb45aeb204597, type: 3}
      propertyPath: m_LocalPosition.z
      value: 0.018
      objectReference: {fileID: 0}
    - target: {fileID: 400000, guid: 942d5b3010cc3bc4893eb45aeb204597, type: 3}
      propertyPath: m_LocalRotation.x
      value: -0.7071068
      objectReference: {fileID: 0}
    - target: {fileID: 400000, guid: 942d5b3010cc3bc4893eb45aeb204597, type: 3}
      propertyPath: m_LocalRotation.y
      value: -0
      objectReference: {fileID: 0}
    - target: {fileID: 400000, guid: 942d5b3010cc3bc4893eb45aeb204597, type: 3}
      propertyPath: m_LocalRotation.z
      value: -0
      objectReference: {fileID: 0}
    - target: {fileID: 400000, guid: 942d5b3010cc3bc4893eb45aeb204597, type: 3}
      propertyPath: m_LocalRotation.w
      value: 0.7071068
      objectReference: {fileID: 0}
    - target: {fileID: 400000, guid: 942d5b3010cc3bc4893eb45aeb204597, type: 3}
      propertyPath: m_RootOrder
      value: 5
      objectReference: {fileID: 0}
    - target: {fileID: 400000, guid: 942d5b3010cc3bc4893eb45aeb204597, type: 3}
      propertyPath: m_LocalEulerAnglesHint.x
      value: 0
      objectReference: {fileID: 0}
    - target: {fileID: 400000, guid: 942d5b3010cc3bc4893eb45aeb204597, type: 3}
      propertyPath: m_LocalEulerAnglesHint.y
      value: 0
      objectReference: {fileID: 0}
    - target: {fileID: 400000, guid: 942d5b3010cc3bc4893eb45aeb204597, type: 3}
      propertyPath: m_LocalEulerAnglesHint.z
      value: 0
      objectReference: {fileID: 0}
    - target: {fileID: 400000, guid: 942d5b3010cc3bc4893eb45aeb204597, type: 3}
      propertyPath: m_LocalScale.x
      value: 1
      objectReference: {fileID: 0}
    - target: {fileID: 400000, guid: 942d5b3010cc3bc4893eb45aeb204597, type: 3}
      propertyPath: m_LocalScale.y
      value: 1
      objectReference: {fileID: 0}
    - target: {fileID: 400000, guid: 942d5b3010cc3bc4893eb45aeb204597, type: 3}
      propertyPath: m_LocalScale.z
      value: 1
      objectReference: {fileID: 0}
    m_RemovedComponents: []
  m_SourcePrefab: {fileID: 100100000, guid: 942d5b3010cc3bc4893eb45aeb204597, type: 3}
